<record><leader>00000cas a22000007a 4500</leader><controlfield tag="001">10651336</controlfield><controlfield tag="008">840421d18861955ohuwr ne      0    0eng d</controlfield><datafield ind1=" " ind2=" " tag="010"><subfield code="a">sn 84028246 </subfield></datafield><datafield ind1=" " ind2=" " tag="040"><subfield code="a">NPY</subfield><subfield code="b">eng</subfield><subfield code="c">NPY</subfield><subfield code="d">ONP</subfield><subfield code="d">OCLCQ</subfield></datafield><datafield ind1=" " ind2=" " tag="042"><subfield code="a">msc</subfield></datafield><datafield ind1="0" ind2="4" tag="245"><subfield code="a">The Lodi review.</subfield></datafield><datafield ind1=" " ind2=" " tag="260"><subfield code="a">Lodi, Ohio :</subfield><subfield code="b">[H.E. Bassett],</subfield><subfield code="c">-1955.</subfield></datafield><datafield ind1=" " ind2=" " tag="300"><subfield code="a">v.</subfield></datafield><datafield ind1=" " ind2=" " tag="310"><subfield code="a">Weekly</subfield></datafield><datafield ind1="1" ind2=" " tag="362"><subfield code="a">Began with Oct. 16, 1886 issue.</subfield></datafield><datafield ind1="0" ind2=" " tag="362"><subfield code="a">-69th year, no. 31 (Aug. 4, 1955).</subfield></datafield><datafield ind1=" " ind2=" " tag="500"><subfield code="a">Independent 1886-1928; Republican 1929-1955.</subfield></datafield><datafield ind1=" " ind2=" " tag="588"><subfield code="a">Description based on: Vol. 29, no. 30 (Mar. 25, 1915).</subfield></datafield><datafield ind1=" " ind2="4" tag="651"><subfield code="a">Lodi (Ohio)</subfield><subfield code="v">Newspapers.</subfield></datafield><datafield ind1=" " ind2="4" tag="651"><subfield code="a">Medina County (Ohio)</subfield><subfield code="v">Newspapers.</subfield></datafield><datafield ind1=" " ind2=" " tag="752"><subfield code="a">United States</subfield><subfield code="b">Ohio</subfield><subfield code="c">Medina</subfield><subfield code="d">Lodi.</subfield></datafield></record>